
@article{poker,
      title={Heads-up limit hold’em poker is solved},
      author={Bowling, Michael and Burch, Neil and Johanson, Michael and Tammelin, Oskari},
      journal={Science},
      volume={347},
      number={6218},
      pages={145--149},
      year={2015},
      publisher={American Association for the Advancement of Science}
}

@phdthesis{skat,
    title={Symmetries and Search in Trick-Taking Card Games},
    author={Furtak},
    school={University of Alberta},
    year=2013
}
    
